<AuditFile xmlns="urn:OECD:StandardAuditFile-Tax:PT_1.03_01" xmlns:xsi="http://www.w3.org/2001/XMLSchema-instance" xmlns:spi="http://Company.org/invoice" xmlns:saf="urn:OECD:StandardAuditFile-Tax:PT_1.03_01">
 <Header>
  <CompanyID>My Incredibely Green Company</CompanyID>
  <TaxRegistrationNumber>999999999</TaxRegistrationNumber>
  <TaxAccountingBasis>F</TaxAccountingBasis>
  <CompanyName>Abstergo SA</CompanyName>
  <CompanyAddress>
   <AddressDetail>Rua do Anão Maior, nº1.73</AddressDetail>
   <City>Curral de Moinas</City>
   <PostalCode>0000-999</PostalCode>
   <Country>ES</Country>
  </CompanyAddress>
  <FiscalYear>2013</FiscalYear>
  <StartDate>2013-12-24</StartDate>
  <EndDate>2013-12-31</EndDate>
  <CurrencyCode>EUR</CurrencyCode>
  <DateCreated>2013-12-01</DateCreated>
  <TaxEntity>Global</TaxEntity>
  <ProductCompanyTaxID>999999999</ProductCompanyTaxID>
  <SoftwareCertificateNumber>0</SoftwareCertificateNumber>
  <ProductID>Boring/SW</ProductID>
  <ProductVersion>3.75</ProductVersion>
 </Header>
 <MasterFiles>
  <Customer>
   <CustomerID>1</CustomerID>
   <AccountID>8888</AccountID>
   <CustomerTaxID>2424</CustomerTaxID>
   <CompanyName>Darpa</CompanyName>
   <Email>dart.for@the.win</Email>
   <BillingAddress>
    <AddressDetail>Awesomeness street</AddressDetail>
    <City>Matrix</City>
    <PostalCode>2223-544</PostalCode>
    <Country>GB</Country>
   </BillingAddress>
   <SelfBillingIndicator>0</SelfBillingIndicator>
  </Customer>
  <Product>
   <ProductType>P</ProductType>
   <ProductCode>1</ProductCode>
   <ProductDescription>produto generico</ProductDescription>
   <ProductNumberCode>1</ProductNumberCode>
   <ProductType>P</ProductType>
   <ProductCode>1</ProductCode>
   <ProductDescription>produto generico</ProductDescription>
   <ProductNumberCode>1</ProductNumberCode>
   <ProductType>P</ProductType>
   <ProductCode>1</ProductCode>
   <ProductDescription>produto generico</ProductDescription>
   <ProductNumberCode>1</ProductNumberCode>
   <ProductType>P</ProductType>
   <ProductCode>1</ProductCode>
   <ProductDescription>produto generico</ProductDescription>
   <ProductNumberCode>1</ProductNumberCode>
  </Product>
  <TaxTable>
   <TaxTableEntry>
    <TaxType>IVA</TaxType>
    <TaxCountryRegion>PT</TaxCountryRegion>
    <TaxCode>NOR</TaxCode>
    <Description>Taxa Normal (23%)</Description>
    <TaxPercentage>23.00</TaxPercentage>
   </TaxTableEntry>
  </TaxTable>
 </MasterFiles>
 <SourceDocuments>
  <SalesInvoices>
   <NumberOfEntries>9</NumberOfEntries>
   <TotalDebit>0.00</TotalDebit>
   <TotalCredit>4.21</TotalCredit>
   <Invoice>
    <DocumentStatus>
     <InvoiceStatus>N</InvoiceStatus>
     <InvoiceStatusDate>2012-10-15</InvoiceStatusDate>
     <SourceID>ldkdk</SourceID>
     <SourceBilling>P</SourceBilling>
    </DocumentStatus>
    <Hash>0</Hash>
    <InvoiceDate>2012-11-10</InvoiceDate>
    <InvoiceType>FT</InvoiceType>
    <SpecialRegimes>
     <SelfBillingIndicator>0</SelfBillingIndicator>
     <CashVATSchemeIndicator>0</CashVATSchemeIndicator>
     <ThirdPartiesBillingIndicator>0</ThirdPartiesBillingIndicator>
    </SpecialRegimes>
    <SourceID>ldkdk</SourceID>
    <SystemEntryDate>2013-06-06T23:23:23.20</SystemEntryDate>
    <CustomerID>1</CustomerID>
    <Line>
     <LineNumber>1</LineNumber>
     <ProductCode>1</ProductCode>
     <ProductDescription>produto generico</ProductDescription>
     <Quantity>2</Quantity>
     <UnitOfMeasure>km^3</UnitOfMeasure>
     <UnitPrice>10</UnitPrice>
     <TaxPointDate>2013-06-06</TaxPointDate>
     <Description>produto generico</Description>
     <CreditAmount>20</CreditAmount>
     <Tax>
      <TaxType>IVA</TaxType>
      <TaxCountryRegion>PT</TaxCountryRegion>
      <TaxCode>NOR</TaxCode>
      <TaxPercentage>TaxPercentage</TaxPercentage>
     </Tax>
     <SettlementAmount>0</SettlementAmount>
    </Line>
   </Invoice>
  </SalesInvoices>
 </SourceDocuments>
</AuditFile>

